@article{Mayer-2015,
 author    = {Mayer, A. E. and Mayer, P. N.},
 title     = {Continuum model of tensile fracture of metal melts and its application to a problem of high-current electron irradiation of metals},
 journal   = {J. Appl. Phys.},
 year      = {2015},
 volume    = {118},
 number    = {3},
 pages     = {035903},
}

@article{Minakov-Levashov-Khishchenko-Fortov-JAP-2014,
 author    = {Minakov, D. V. and Levashov, P. R. and Khishchenko, K. V. and Fortov, V. E.},
 title     = {Quantum molecular dynamics simulation of shock-wave experiments in aluminum},
 journal   = {J. Appl. Phys.},
 volume    = {115},
 number    = {22},
 pages     = {223512},
 year      = {2014}
}

@article{Kadatskiy-Khishchenko-JPCS-2015,
 author    = {Kadatskiy, M. A. and Khishchenko, K. V.},
 title     = {Comparison of {H}ugoniots calculated for aluminum in the framework of three quantum-statistical models},
 journal   = {J. Phys.: Conf. Ser.},
 volume    = {653},
 pages     = {012079},
 year      = {2015}
}

@article{Sinko-Smirnov-Ovechkin-Levashov-Khishchenko-HEDP-2013,
 author    = {Sin'ko, G. V. and Smirnov, N. A. and Ovechkin, A. A. and Levashov, P. R. and Khishchenko, K. V.},
 title     = {Thermodynamic functions of the heated electron subsystem in the field of cold nuclei},
 journal   = {High Energy Density Phys.},
 volume    = {9},
 number    = {2},
 pages     = {309--14},
 year      = {2013}
}

@article{Levashov-Sinko-Smirnov-Minakov-Shemyakin-Khishchenko-JPCM-2010,
 author    = {Levashov, P. R. and Sin'ko, G. V. and Smirnov, N. A. and Minakov, D. V. and Shemyakin, O. P. and Khishchenko, K. V.},
 title     = {Pseudopotential and full-electron {DFT} calculations of thermodynamic properties of electrons in metals and semiempirical equations of state},
 journal   = {J. Phys.: Condens. Matter},
 volume    = {22},
 number    = {50},
 pages     = {505501},
 year      = {2010}
}

@article{Shpatakovskaya-2012,
 author    = {G. V. Shpatakovskaya},
 title     = {Semiclassical model of the structure of matter},
 year      = {2012},
 journal   = {Phys. Usp.},
 volume    = {55},
 number    = {5},
 pages     = {429--64},
}

@article{Dyachkov-Levashov-2014,
 author    = {Dyachkov, S. and Levashov, P.},
 title     = {Region of validity of the finite-temperature Thomas--Fermi model with respect to quantum and exchange corrections},
 journal   = {Phys. Plasmas},
 volume    = {21},
 number    = {5},
 pages     = {052702},
 year      = {2014}
}

@article{Fortov-Kim-Lomonosov-Matveichev-Ostrik-IJImpEng-2006,
 author    = {Fortov, V. E. and Kim, V. V. and Lomonosov, I. V. and Matveichev, A. V. and Ostrik, A. V.},
 title     = {Numerical modeling of hypervelocity impacts},
 journal   = {Int. J. Impact Eng.},
 volume    = {33},
 number    = {1--12},
 pages     = {244--53},
 year      = {2006}
}

@article{Holzapfel-EPL-1991,
 author    = {Holzapfel, W. B.},
 title     = {Equations of state for ideal and real solids under strong compression},
 journal   = {Europhys. Lett.},
 volume    = {16},
 number    = {1},
 pages     = {67--72},
 year      = {1991}
}

@article{Holzapfel-RPP-1996,
 author    = {Holzapfel, W. B.},
 title     = {Physics of solids under strong compression},
 journal   = {Rep. Prog. Phys.},
 volume    = {59},
 number    = {1},
 pages     = {29--90},
 year      = {1996}
}

@incollection{Holzapfel-ELBRUS-2010,
 author    = {Holzapfel, W. B.},
 title     = {Problems in shock wave reduced isotherms},
 booktitle = {Physics of Extreme States of Matter---2010}, 
 editor    = {Fortov, V. E. and others}, 
 publisher = {IPCP RAS},
 address   = {Chernogolovka},
 pages     = {6--8},
 year      = {2010}
}

@article{Inogamov-Zhakhovsky-Petrov-Khokhlov-Ashitkov-Khishchenko-Migdal-Ilnitsky-Emirov-Komarov-Shepelev-Miller-Oleynik-Agranat-Andriyash-Anisimov-Fortov-CPP-2013,
 author    = {Inogamov, N. A. and others},
 title     = {Electron-ion relaxation, phase transitions, and surface nano-structuring produced by ultrashort laser pulses in metals},
 journal   = {Contrib. Plasma Phys.},
 volume    = {53},
 number    = {10},
 pages     = {796--810},
 year      = {2013}
}

@incollection{McQueen-Marsh-Taylor-Fritz-Carter-1970-proc,
 author    = {McQueen, R. G. and Marsh, S. P. and Taylor, J. W. and Fritz, J. N. and Carter, W. J.},
 title     = {The equation of state of solids from shock wave studies},
 booktitle = {High Velocity Impact Phenomena}, 
 editor    = {Kinslow, R.}, 
 publisher = {Academic Press},
 address   = {New York},
 pages     = {293--417, 515--568},
 year      = {1970}
}

@book{Zeldovich-Raizer-1967,
 author    = {Zel'dovich, {\relax Ya.} B. and Raizer, {\relax Yu.} P.},
 title     = {Physics of Shock Waves and High-Temperature Hydrodynamic Phenomena},
 publisher = {Academic Press},
 address   = {New York},
 year      = {1967}
}

@book{Tonkov-1979,
 author    = {Tonkov, E. {\relax Yu.}},
 title     = {Phase Diagrams of Elements at High Pressures},
 publisher = {Nauka},
 address   = {Moscow},
 year      = {1979}
}

@article{Errandonea-Meng-Somayazulu-Hausermann-PB-2005,
 author    = {Errandonea, D. and Meng, Y. and Somayazulu, M. and H{\"a}usermann, D.},
 title     = {Pressure-induced $\alpha\to\omega$ transition in titanium metal: a systematic study of the effects of uniaxial stress},
 journal   = {Physica B}, section={B},
 volume    = {355},
 pages     = {116--25},
 year      = {2005}
}

@article{Dewaele-Stutzmann-Bouchet-Bottin-Occelli-Mezouar-PRB-2015,
 author    = {Dewaele, A. and Stutzmann, V. and Bouchet, J. and Bottin, F. and Occelli, F. and Mezouar, M.},
 title     = {High pressure-temperature phase diagram and equation of state of titanium},
 journal   = {Phys. Rev. {\rm B}},
 volume    = {91},
 number    = {13},
 pages     = {134108},
 year      = {2015}
}

@article{Stutzmann-Dewaele-Bouchet-Bottin-Mezouar-PRB-2015,
 author    = {Stutzmann, V. and Dewaele, A. and Bouchet, J. and Bottin, F. and Mezouar, M.},
 title     = {High-pressure melting curve of titanium},
 journal   = {Phys. Rev. {\rm B}},
 volume    = {92},
 number    = {22},
 pages     = {224110},
 year      = {2015}
}

@article{Walsh-Rice-McQueen-Yarger-PR-1957,
 author    = {Walsh, J. M. and Rice, M. H. and McQueen, R. G. and Yarger, F. L.},
 title     = {Shock-wave compressions of twenty-seven metals equations of state of metals},
 journal   = {Phys. Rev.},
 volume    = {108},
 number    = {2},
 pages     = {196--216},
 year      = {1957}
}

@article{Akahama-Kawamura-LeBihan-PRL-2001,
 author    = {Akahama, Y. and Kawamura, H. and Le Bihan, T.},
 title     = {New $\delta$ (distorted-bcc) titanium to 220~{GPa}},
 journal   = {Phys. Rev. Lett.},
 volume    = {87},
 number    = {27},
 pages     = {275503},
 year      = {2001}
}

@article{Vohra-Spencer-PRL-2001,
 author    = {Vohra, Y. K. and Spencer, P. T.},
 title     = {Novel $\gamma$-phase of titanium metal at megabar pressures},
 journal   = {Phys. Rev. Lett.},
 volume    = {86},
 number    = {14},
 pages     = {3068--71},
 year      = {2001}
}

@article{Bushman-Fortov-1983,
 author    = {Bushman, A. V. and Fortov, V. E.},
 title     = {Model equations of state},
 journal   = {Sov. Phys. Usp.},
 volume    = {26},
 number    = {6},
 pages     = {465--96},
 year      = {1983}
}


@article{Gnyusov-Rotshtein-Mayer-Rostov-Gunin-Khishchenko-Levashov-2016,
 author    = {Gnyusov, S. F. and Rotshtein, V. P. and Mayer, A. E. and Rostov, V. V. and Gunin, A. V. and Khishchenko, K. V. and Levashov, P. R.},
 title     = {Simulation and experimental investigation of the spall fracture of 304L stainless steel irradiated by a nanosecond relativistic high-current electron beam},
 journal   = {Int. J. Fract.},
 volume    = {199},
 number    = {1},
 pages     = {59--70},
 year      = {2016}
}

@article{Krasyuk-Pashinin-Semenov-Khishchenko-Fortov-2016,
 author    = {Krasyuk, I. K. and Pashinin, P. P. and Semenov, A. {\relax Yu.} and Khishchenko, K. V. and Fortov, V. E.},
 title     = {Study of extreme states of matter at high energy densities and high strain rates with powerful lasers},
 journal   = {Laser Phys.},
 volume    = {26},
 number    = {9},
 pages     = {094001},
 year      = {2016}
}

@article{Andreev-Povarnitsyn-Veysman-Faenov-Levashov-Khishchenko-Pikuz-Magunov-Rosmej-Blazevic-Pelka-Schaumann-Schollmeier-Roth-LPB-2015,
 author    = {Andreev, N. E. and others},
 title     = {Interaction of annular-focused laser beams with solid targets},
 journal   = {Laser Part. Beams},
 volume    = {33},
 number    = {3},
 pages     = {541--50},
 year      = {2015}
}

@article{Molodets-Golyshev-Ti-2014,
 title     = {Electrical conductivity and polymorphic transition of titanium in the megabar shock pressure range},
 author    = {Molodets, A. M. and Golyshev, A. A.}, 
 journal   = {Phys. Solid State},
 volume    = {56},
 number    = {12},
 pages     = {2524--29},
 year      = {2014}
}

@article{Pecker-Eliezer-Fisher-Henis-Ti-2005,
 author    = {S. Pecker and S. Eliezer and D. Fisher and Z. Henis},
 journal   = {J. Appl. Phys.},
 volume    = {98},
 pages     = {043516},
 year      = {2005}
}

@article{Greeff-Trinkle-Albers-Ti-2001,
 author    = {Greeff, C. W. and Trinkle, D. R. and Albers, R. C.},
 title     = {Shock-induced $\alpha$--$\omega$ transition in titanium},
 journal   = {J. Appl. Phys.}, 
 volume    = {90},
 number    = {5},
 pages     = {2221--26},
 year      = {2001}
}

@techreport{Kerley-Ti-2003,
 title      = {Equations of state for titanium and {Ti6A14V} alloy}, 
 author     = {Kerley, G. I.},
 type       = {Report},
 address    = {Albuquerque, NM},
 institution= {Sandia National Laboratories},
 number     = {SAND 2003-3785},
 year       = {2003}
}

@article{Krupnikov-Bakanova-Brazhnik-Trunin-DAN-1963,
 author    = {Krupnikov, K. K. and Bakanova, A. A. and Brazhnik, M. I. and Trunin, R. F.},
 title     = {Issledovaniye udarnoi szhimayemosti titana, molibdena, tantala i zheleza (Investigation of shock compressibility of titanum, molibdenum, tantalum, and iron)},
 journal   = {Dokl. Akad. Nauk SSSR},
 volume    = {148},
 number    = {6},
 pages     = {1302--05},
 year      = {1963}
}

@article{Altshuler-Bakanova-Dudoladov-Dynin-Trunin-Chekin-1981,
 author    = {Al'tshuler, L. V. and Bakanova, A. A. and Dudoladov, I. P. and Dynin, E. A. and Trunin, R. F. and Chekin, B. S.},
 title     = {Shock adiabatic curves of metals},
 journal   = {J. Appl. Mech. Tech. Phys.},
 volume    = {22},
 number    = {2},
 pages     = {145--69},
 year      = {1981}
}


@incollection{Bushman-Fortov-Lomonosov-1991-proc,
 author    = {Bushman, A. V. and Fortov, V. E. and Lomonosov, I. V.},
 title     = {Wide-range equation-of-state models for matter},
 booktitle = {High Pressure Equations of State: Theory \& Applications},
 editor    = {Eliezer, S. and Ricci, R. A.},
 publisher = {North-Holland},
 address   = {Amsterdam},
 year      = {1991},
 pages     = {249--62}
}

@book{Bushman-Fortov-Kanel-Ni-1993,
 author    = {Bushman, A. V. and Fortov, V. E. and Kanel', G. I. and Ni, A. L.},
 title     = {Intense Dynamic Loading of Condensed Matter},
 publisher = {Taylor \& Francis},
 address   = {Washington},
 year      = {1993}
}

@article{Khishchenko-TPL-2004-eng,
 author    = {Khishchenko, K. V.},
 title     = {The equation of state for magnesium at high pressures},
 journal   = {Tech. Phys. Lett.},
 volume    = {30},
 number    = {10},
 pages     = {829--31},
 year      = {2004}
}

@incollection{Lomonosov-Bushman-Fortov-Khishenko-1994,
 author      ={Lomonosov, I. V. and Bushman, A. V. and Fortov, V. E. and Khishenko, K. V},
 title       ={Caloric equations of state of structural materials},
 pages       ={133--36},
 booktitle   ={High-Pressure Science and Technology---1993},
 editor      ={Schmidt, S. C. and others},
 publisher   ={AIP Press},
 address     ={New York},
 year        ={1994},
}

@article{Lomonosov-Fortov-Khishchenko-Levashov-2002-article,
 author    = {Lomonosov, I. V. and Fortov, V. E. and Khishchenko, K. V. and Levashov, P. R.},
 title     = {Phase diagrams and thermodynamic properties of metals at high pressures, high temperatures},
 journal   = {AIP Conf. Proc.},
 volume    = {620},
 pages     = {111--14},
 year      = {2002}
}

@article{Kalitkin-Govorukhina-1965,
   author    = {Kalitkin, N. N. and Govorukhina, I. A.},
   title     = {},
   journal   = {Sov. Phys. Solid State},
   volume    = {7},
   number    = {2},
   pages     = {287--92},
   year      = {1965}
}

@techreport{Kalitkin-Kuzmina-1975-eng,
 author    = {Kalitkin, N. N. and Kuzmina, L. V.},
 title     = {Tables of Thermodynamic Functions of Matter at High Concentration of Energy},
 type      = {Preprint},
 number    = {35},
 address   = {Moscow},
 institution = {Institute of Applied Mathematics of the Academy of Sciences USSR},
 year      = {1975}
}

@article{Bushman-Lomonosov-Fortov-Khishchenko-Zhernokletov-Sutulov-JETP-1996,
 author    = {Bushman, A. V. and Lomonosov, I. V. and Fortov, V. E. and Khishchenko, K. V. and Zhernokletov, M. V. and Sutulov, {\relax Yu.} N.},
 title     = {Experimental investigation of phenylene and polystyrene under conditions of shock loading and isentropic expansion. {E}quations of state of plastics at high energy densities},
 journal   = {J. Exp. Teor. Phys.},
 volume    = {82},
 number    = {5},
 pages     = {895--9},
 year      = {1996}
}

@book{Landau-Lifshitz-V-1980-eng,
 author    = {Landau, L. D. and Lifshitz, E. M.},
 series    = {Course of Theoretical Physics},
 volume    = {5},
 title     = {Statistical Physics. Part~1},
 publisher = {Pergamon},
 address   = {Oxford},
 year      = {1980}
}

@article{Kormer-Urlin-Popova-1961-eng,
 author    = {Kormer, S. B. and Urlin, V. D. and Popova, L. T.},
 journal   = {Fiz. Tverd. Tela},
 volume    = {3},
 number    = {7},
 pages     = {2131--40},
 year      = {1961}
}

@techreport{Lomonosov-Thesis-2000,
 author     = {Lomonosov, I. V.},
 type       = {{D}.Sc. thesis},
 title      = {},
 year       = {2000},
 institution= {Institute of Problems of Chemical Physics RAS},
 address    = {Chernogolovka}
}

@article{McQueen-Marsh-JAP-1960,
 author    = {R. G. McQueen and S. P. Marsh},
 title     = {Equation of state for nineteen metallic elements},
 journal   = {J. Appl. Phys.},
 volume    = {31},
 pages     = {1253--69},
 year      = {1960}
}

@techreport{Isbell-Shipman-Jones-1968,
 author     = {Isbell, W. H. and Shipman, F. H. and Jones, A. H.},
 title      = {{H}ugoniot equation of state measurements for eleven materials to five megabars},
 type       = {Report},
 institution= {{G}eneral {M}otors Corp., {M}aterial {S}cience {L}aboratory},
 number     = {MSL-68-13},
 year       = {1968}
}

@book{LASL-1980,
 title     = {LASL Shock Hugoniot Data},
 editor    = {Marsh, S. P.},
 publisher = {University of California Press},
 address   = {Berkeley, CA},
 year      = {1980}
}

@article{Krupnikov-Brazhnik-Krupnikova-1962-eng,
 author    = {Krupnikov, K. K. and Brazhnik, M. I. and Krupnikova, V. P.},
 journal   = {Zh. Eksp. Teor. Fiz.},
 volume    = {42},
 number    = {3},
 pages     = {675--85},
 year      = {1962}
}

@article{Trunin-Simakov-Sutulov-Medvedev-Rogozkin-Fedorov-1989-eng,
 author    = {Trunin, R. F. and Simakov, G. V. and Sutulov, {\relax Yu.} N. and Medvedev, A. B. and Rogozkin, B. D. and Fedorov, {\relax Yu.} E.},
 journal   = {Zh. Eksp. Teor. Fiz.},
 volume    = {96},
 number    = {3},
 pages     = {1024--38},
 year      = {1989}
}

@article{Boade-JAP-1969,
 author    = {Boade, R. R.},
 title     = {Dynamic compression of porous tungsten},
 journal   = {J. Appl. Phys.},
 volume    = {40},
 number    = {},
 pages     = {3781--92},
 year      = {1969}
}

@article{Alekseev-Ratnikov-Ribakov-JAMTP-1971,
 author      = {Alekseev, {\relax Yu.} L. and Ratnikov, B. P. and Ribakov, A. P.},
 title       = {Shock adiabats of porous metals},
 journal     = {J. Appl. Mech. Tech. Phys.},
 volume      = {12},
 number      = {2},
 pages       = {257--63},
 year        = {1971},
 doi         = {10.1007/BF00850698}
}

@article{Bakanova-Dudoladov-Sutulov-JAMTP-1974,
 author    = {Bakanova, A. A. and Dudoladov, I. P. and Sutulov, {\relax Yu.} N.},
 title     = {Shock compressibility of porous tungsten, molybdenum, copper, and and aluminum in low pressure domain},
 journal   = {J. Appl. Mech. Tech. Phys.},
 volume    = {15},
 number    = {2},
 pages     = {241--45},
 year      = {1974},
 doi       = {10.1007/BF00850666}
}

@article{Trunin-Medvedev-Funtikov-Podurets-Simakov-Sevastyanov-JETP-1989-eng,
 author   = {Trunin, R. F. and Medvedev, A. B. and Funtikov, A. I. and Podurets, M. A. and Simakov, G. V. and Sevast'yanov, A. G.},
 title    = {Shock compression of porous iron, copper, and tungsten, and their equation of state in the terapascal pressure range},
 journal  = {Sov. Phys. JETP},
 volume   = {68},
 number   = {3},
 pages    = {356--61},
 year     = {1989}
}

@article{Trunin-1994-eng, 
 author    = {Trunin, R. F.}, 
 title     = {Shock compressibility of condensed materials in strong shock waves generated by underground nuclear explosions},
 journal   = {Phys. Usp.},
 volume    = {37}, 
 number    = {11}, 
 pages     = {1123--46}, 
 year      = {1994}
}

@article{Trunin-Panov-Medvedev-JETP-Lett-1995, 
 author    = {Trunin, R. F. and Panov, M. V. and Medvedev, A. B.}, 
 title     = {Compressibility of iron, aluminum, molybdenum, titanium, and tantalum at shock-wave pressures of 1--2.5~{TPa}},
 journal   = {JETP Lett.},
 volume    = {62}, 
 number    = {7}, 
 pages     = {591--4}, 
 year      = {1995}
}

@article{Trunin-Simakov-Medvedev-HT-1999, 
 author    = {Trunin, R. F. and Simakov, G. V. and Medvedev, A. B.}, 
 title     = {Compression of titanium in shock waves},
 journal   = {High Temp.},
 volume    = {37}, 
 number    = {6}, 
 pages     = {851--6}, 
 year      = {1999}
}

@article{Agureikin-Anisimov-Bushman-Kanel-Karyagin-Konstantinov-Kryukov-Minin-Razorenov-Sagdeev-Sugak-Fortov-HT-1984, 
 author    = {Agureikin, V. A. and others}, 
 title     = {Thermo-physical and gas-dynamic studies of the meteorite shield for the {V}ega spacecraft},
 journal   = {High Temp.},
 volume    = {22}, 
 number    = {5}, 
 pages     = {761--78}, 
 year      = {1984}
}

@article{Trunin-Ilkaeva-Podurets-Popov-Pechenkin-Prokhorov-Sevastyanov-Khrustalev-HT-1994, 
 author    = {Trunin, R. F. and Ilkaeva, L. A. and Podurets, M. A. and Popov, L. V. and Pechenkin, B. V. and Prokhorov, L. V. and Sevastyanov, A. G. and Khrustalev, V. V.}, 
 title     = {Shock-compressibility measurements for iron, copper, lead, and titanium under pressures of 20-{TPa}},
 journal   = {High Temp.},
 volume    = {32}, 
 number    = {5}, 
 pages     = {646--9}, 
 year      = {1994}
}

@article{Fortov-Lomonosov-PhysUsp-2014, 
 author    = {Fortov, V. E. and Lomonosov, I. V.}, 
 title     = {{{\relax Ya.}\,B.\,Z}eldovich and equation of state problems for matter under extreme conditions},
 journal   = {Phys. Usp.},
 volume    = {57}, 
 number    = {3}, 
 pages     = {219--33}, 
 year      = {2014}
}

@book{Bushman-Lomonosov-Fortov-1992-metals-eng,
 author    = {Bushman, A. V. and Lomonosov, I. V. and Fortov, V. E.},
 title     = {Equations of State of Metals at High Energy Densities},
 publisher = {ICP RAS},
 address   = {Chernogolovka},
 year      = {1992}
}

@article{Ivanov-Lebedev-Savvatimskii-1984,
 author    = {Ivanov, V. V. and Lebedev, S. V. and Savvatimskii, A. I.},
 title     = {Thermal expansion of liquid {Al}, {Cu}, {Mo}, {Ta} and {W}},
 journal   = {J. Phys. F: Met. Phys.},
 volume    = {14},
 pages     = {1641--50},
 year      = {1984}
}

@article{Kirzhnits-PhysUsp-1975-eng, 
 author    = {Kirzhnits, D. A.}, 
 title     = {Extremal states of matter (ultrahigh pressures and temperatures)},
 journal   = {Sov. Phys. Usp.},
 volume    = {14}, 
 number    = {4}, 
 pages     = {512--23}, 
 year      = {1971}
}

@article{Fortov-Lomonosov-OPPJ-2010,
 author    = {Fortov, V. E. and Lomonosov, I. V.},
 title     = {Equations of state of matter at high energy densities},
 journal   = {Open Plasma Phys. J.},
 volume    = {3},
 pages     = {122--30},
 year      = {2010}
}

@article{Tkachenko-Khishchenko-Vorobev-Levashov-Lomonosov-Fortov-HT-2001-eng,
 author    = {Tkachenko, S. I. and Khishchenko, K. V. and Vorob'ev, V. S. and Levashov, P. R. and Lomonosov, I. V. and Fortov, V. E.},
 title     = {Metastable states of liquid metal under conditions of electric explosion},
 journal   = {High Temp.},
 volume    = {39},
 number    = {5},
 pages     = {674--87},
 year      = {2001}
}

@article{Oreshkin-Baksht-Labetsky-Rousskikh-Shishlov-Levashov-Khishchenko-Glazyrin-TP-2004-eng,
 author    = {Oreshkin, V. I. and Baksht, R. B. and Labetsky, A. {\relax Yu.} and Rousskikh, A. G. and Shishlov, A. V. and Levashov, P. R. and Khishchenko, K. V. and Glazyrin, I. V.},
 title     = {Study of metal conductivity near the critical point using a microwire electrical explosion in water},
 journal   = {Tech. Phys.},
 volume    = {49},
 number    = {7},
 pages     = {843--8},
 year      = {2004}
}

@article{Oreshkin-Khishchenko-Levashov-Rousskikh-Chaikovskii-HT-2012,
 author    = {Oreshkin, V. I. and Khishchenko, K. V. and Levashov, P. R. and Rousskikh, A. G. and Chaikovskii, S. A.},
 title     = {Strata formation at fast electrical explosion of cylindrical conductors},
 journal   = {High Temp.},
 volume    = {50},
 number    = {5},
 pages     = {584--95},
 year      = {2012}
}

@article{Russkikh-Baksht-Labetskii-Levashov-Tkachenko-Khishchenko-Shishlov-Fedyunin-Chaikovskii-PPR-2006-eng,
 author    = {Russkikh, A. G. and Baksht, R. B. and Labetskii, A. {\relax Yu.} and Levashov, P. R. and Tkachenko, S. I. and Khishchenko, K. V. and Shishlov, A. V. and Fedyunin, A. V. and Chaikovskii, S. A.},
 title     = {Effect of the high-voltage electrode polarity and wire preheating on the energy characteristics of electric explosion of fine tungsten wires in vacuum},
 journal   = {Plasma Phys. Rep.},
 volume    = {32},
 number    = {10},
 pages     = {823--35},
 year      = {2006}
}

@article{Rousskikh-Baksht-Chaikovsky-Fedunin-Khishchenko-Labetsky-Levashov-Shishlov-Tkachenko-2006,
 author    = {Rousskikh, A. G. and Baksht, R. B. and Chaikovsky, S. A. and Fedunin, A. V. and Khishchenko, K. V. and Labetsky, A. {\relax Yu.} and Levashov, P. R. and Shishlov, A. V. and Tkachenko, S. I.},
 title     = {The effects of preheating of a fine tungsten wire and the polarity of a high-voltage electrode on the energy characteristics of an electrically exploded wire in vacuum},
 journal   = {IEEE Trans. Plasma Sci.},
 volume    = {34},
 number    = {5},
 pages     = {2232--8},
 year      = {2006}
}

@article{Povarnitsyn-Khishchenko-Levashov-IJImpEng-2006,
 author    = {Povarnitsyn, M. E. and Khishchenko, K. V. and Levashov, P. R.},
 title     = {Hypervelocity impact modeling with different equations of state},
 journal   = {Int. J. Impact Eng.},
 volume    = {33},
 number    = {1--12},
 pages     = {625--33},
 year      = {2006}
}

@article{Tkachenko-Levashov-Khishchenko-JPA-2006,
 author    = {Tkachenko, S. I. and Levashov, P. R. and Khishchenko, K. V.},
 title     = {The influence of an equation of state on the interpretation of electrical conductivity measurements in strongly coupled tungsten plasma},
 journal   = {J. Phys. A: Math. Gen.},
 volume    = {39},
 number    = {23},
 pages     = {7597--603},
 year      = {2006}
}

@article{Rakhel-Korobenko-Savvatimski-Fortov-IJT-2004,
 author    = {Rakhel, A. D. and Korobenko, V. N. and Savvatimski, A. I. and Fortov, V. E.},
 title     = {Electrical conductivity of tungsten in a continuous transition from condensed to gaseous state},
 journal   = {Int. J. Thermophys.},
 volume    = {25},
 number    = {4},
 pages     = {1203--14},
 year      = {2004}
}

@article{Tkachenko-Khishchenko-Levashov-IJT-2005,
 author    = {Tkachenko, S. I. and Khishchenko, K. V. and Levashov, P. R.},
 title     = {Homogeneity in a metal wire under melting},
 journal   = {Int. J. Thermophys.},
 volume    = {26},
 number    = {4},
 pages     = {1167--79},
 year      = {2005}
}

@article{Senchenko-Belikov-Popov-2015,
 author    = {Senchenko, V. N. and Belikov, R. S. and Popov, V. S.},
 title     = {Experimental investigation of refractory metals in the premelting region during fast heating},
 journal   = {J. Phys.: Conf. Ser.},
 volume    = {653},
 pages     = {012100},
 year      = {2015}
}
