@inproceedings{FS,
  author       = {Anastassopoulos, D. and others},
  title        = {AGS proposal: Search for a permanent electric dipolemoment of the deuteron nucleus at the $10^{-29}$ $e$ cm level},
  year         = {2008},
  url          = {$\url{https://www.bnl.gov/edm/files/pdf/deuteron\underline{\hspace{0.2cm}}proposal\underline{\hspace{0.2cm}}080423\underline{\hspace{0.2cm}}final.pdf}$}
}

@inproceedings{NICA,
  author       = {E. Syresin and others},
  title        = {{NICA Ion Coolider at JINR}},
  booktitle    = {Proc. RuPAC'21},
  pages        = {12--16},
  eid          = {MOY02},
  language     = {english},
  keywords     = {collider, booster, injection, dipole, pick-up},
  venue        = {Alushta, Russia},
  series       = {Russian Particle Accelerator Conference},
  number       = {27},
  publisher    = {JACoW Publishing, Geneva, Switzerland},
  month        = {09},
  year         = {2021},
  issn         = {2673-5539},
  isbn         = {978-3-95450-240-0},
  doi          = {10.18429/JACoW-RuPAC2021-MOY02},
  url          = {https://jacow.org/rupac2021/papers/moy02.pdf},
  note         = {https://doi.org/10.18429/JACoW-RuPAC2021-MOY02},
}


@inproceedings{QFS,
    author = "Senichev, Yurij and Andrianov, Serge and Berz, Martin and Chekmenev, Stanislav and Ivanov, Andrei and Valetov, Eremey",
    title = "{Investigation of Lattice for Deuteron EDM Ring}",
    booktitle = "{12th  International Computational Accelerator Physics Conference}",
    reportNumber = "ICAP-2015-MODBC4",
    doi = "10.18429/JACoW-ICAP2015-MODBC4",
    pages = "17--19",
    year = "2016",
    isbn = {978-3-95450-136-6},
}

@article{Mayer-2015,
 author    = {E. Syresin et al.},
 title     = {NICA Ion Collider at JINR},
 journal   = {RuPAC2021},
 year      = {2015},
 volume    = {118},
 number    = {3},
 pages     = {035903},
}

@misc{OptiM,
 author    = {V. Lebedev},
 title     = {OptiM code},
 url = {$\url{www-bdnew.fnal.gov/pbar/organizationalchart/lebedev/OptiM/optim.htm}$}
}
@misc{COSY,
 title     = {COSY INFINITY},
 url = {$\url{www.bmtdynamics.org/}$}
}