

%1.	S Y Lee, Accelerator Physics 3rd Edition, 
%2.	T. Risselada, Gamma Transition Jump Schemes, CAS 1994.
%3.	R. Ainsworth at al., Transition Crossing in the Main Injector For PIP-II, FERMILAB-CONF-17-143-AD
%4.	Hans Stockhorst at al., Beam Cooling at COSY and HESR, ISBN 978-3-95806-127-9
%5.	Yu. V. Senichev, A. N. Chechenin, Theory of “Resonant” Lattices for Synchrotrons with Negative Momentum Compaction Factor,% Journal of Experimental and Theoretical Physics, 2007, Vol. 105, No. 5, pp. 988–997
%6.	Syresin E.M at al., Formation of Polarized Proton Beams in the NICA Collider-Accelerator Complex DOI: 10.1134/S10637796210%50051
%7.	A. Tribendis and others, Constraction and first test results of the barrier 
%and harmonic RF systems for the NICA collider, IPAC2021, Campinas, SP, Brazil, doi:10.18429/JACoW-IPAC2021-MOPAB365
%8.	A.M. Malyshev and others, Barrier station RF1 of the NICA collider. 
%Design features and influence on beam dynamics, RuPAC2021, Alushta, Russia, doi:10.18429/JACoW-RuPAC2021-WEPSC15
%9.	Mihaly Vadai, Beam Loss Reduction by Barrier Buckets in the CERN Accelerator Complex, CERN, Geneva, 2021
%10.	 Laclare, J L (ESRF, Grenoble), Coasting beam longitudinal coherent instabilities, CAS - CERN Accelerator School: 5th Gene%ral Accelerator Physics Course, pp.349-384, DOI: 10.5170/CERN-1994-001.349
%11.	 J. Wei, S. Y.  Lee, Space Charge Effect at Transition Energy and the Transfer of R.F. System at Top Energy, BNL-41667
%12.	P. F. Derwent, Implementation of BLonD for Booster Simulations, Beams doc # 8690, 2020
%13.	 BLonD: https://blond.web.cern.ch/

%1.	S Y Lee, Accelerator Physics 3rd Edition,
@Book{lee,
  title =        "Accelerator Physics",
  author =       "S Y Lee",
  year =         "2011",
  edition =      "3rd",
  url =          {https://doi.org/10.1142/8335}
}

%2.	T. Risselada, Gamma Transition Jump Schemes, CAS 1994.
@article{jump_scheme,
      author        = "Risselada, Thys",
      title         = "{Gamma transition jump schemes}",
      year          = "1994",
      url           = "https://cds.cern.ch/record/261069",
      doi           = "10.5170/CERN-1994-001.313",
      pages =        "313--326",
}

%3.	R. Ainsworth at al., Transition Crossing in the Main Injector For PIP-II, FERMILAB-CONF-17-143-AD
@inproceedings{pip,
    author = "Ainsworth, R. and Chaurize, S. and Kourbanis, I. and Stern, E.",
    title = "{Transition Crossing in the Main Injector for PIP-II}",
    booktitle = "{8th International Particle Accelerator Conference}",
    reportNumber = "FERMILAB-CONF-17-143-AD, IPAC-2017-WEPVA039",
    doi = "10.18429/JACoW-IPAC2017-WEPVA039",
    month = "5",
    year = "2017"
}

%4.	Hans Stockhorst at al., Beam Cooling at COSY and HESR, ISBN 978-3-95806-127-9
@Book{Hans,
  title =        "Beam Cooling at COSY and HESR",
  author =       {Hans Stockhorsts and others},
  year =         "2016",
  ISSN =         "1866-1807",
  ISNB =         "978-3-95806-127-9"
}

%5.	Yu. V. Senichev, A. N. Chechenin, Theory of “Resonant” Lattices for Synchrotrons with Negative Momentum Compaction Factor,% Journal of Experimental and Theoretical Physics, 2007, Vol. 105, No. 5, pp. 988–997
@article{resonant,
	author = {Senichev, Yu. V. and Chechenin, A. N.},
	date = {2007/11/01},
	date-added = {2023-09-24 14:47:08 +0300},
	date-modified = {2023-09-24 14:47:08 +0300},
	doi = {10.1134/S1063776107110118},
	id = {Senichev2007},
	isbn = {1090-6509},
	journal = {Journal of Experimental and Theoretical Physics},
	number = {5},
	pages = {988--997},
	title = "Theory of Resonant lattices for synchrotrons with negative momentum compaction factor",
	url = {https://doi.org/10.1134/S1063776107110118},
	volume = {105},
	year = {2007},
	bdsk-url-1 = {https://doi.org/10.1134/S1063776107110118}}

%6.	Syresin E.M at al., Formation of Polarized Proton Beams in the NICA Collider-Accelerator Complex DOI: 10.1134/S10637796210%50051
@article{nica,
	author = {Syresin, E. M. and Butenko, A. V. and Zenkevich, P. R. and Kozlov, O. S. and Kolokolchikov, S. D. and Kostromin, S. A. and Meshkov, I. N. and Mityanina, N. V. and Senichev, Yu. V. and Sidorin, A. O. and Trubnikov, G. V.},
	date = {2021/09/01},
	date-added = {2023-09-24 14:50:40 +0300},
	date-modified = {2023-09-24 14:50:40 +0300},
	doi = {10.1134/S1063779621050051},
	id = {Syresin2021},
	isbn = {1531-8559},
	journal = {Physics of Particles and Nuclei},
	number = {5},
	pages = {997--1017},
	title = {Formation of Polarized Proton Beams in the NICA Collider-Accelerator Complex},
	url = {https://doi.org/10.1134/S1063779621050051},
	volume = {52},
	year = {2021},
	bdsk-url-1 = {https://doi.org/10.1134/S1063779621050051}
}

%7      A. Tribendis and others, Constraction and first test results of the barrier 
%and harmonic RF systems for the NICA collider, IPAC2021, Campinas, SP, Brazil, doi:10.18429/JACoW-IPAC2021-MOPAB365
%@inproceedings{rf1,
% author       = {A.G. Tribendis and Y.A. Biryuchevsky and O.I. Brovko and K.N. Chernov and A.N. Dranitchnikov and E. Kenzhebulatov and others},
%  title        = {Construction and First Test Results of the Barrier and Harmonic RF Systems for the NICA Collider},
%  booktitle    = {Proc. IPAC'21},
%  pages        = {1136--1138},
%  eid          = {MOPAB365},
%  language     = {english},
%  keywords     = {cavity, collider, vacuum, injection, electron},
%  venue        = {Campinas, SP, Brazil},
%  series       = {International Particle Accelerator Conference},
%  number       = {12},
%  publisher    = {JACoW Publishing, Geneva, Switzerland},
%  month        = {08},
%  year         = {2021},
%  issn         = {2673-5490},
%  isbn         = {978-3-95450-214-1},
%  doi          = {10.18429/JACoW-IPAC2021-MOPAB365},
%  url          = {https://jacow.org/ipac2021/papers/mopab365.pdf},
%  note         = {https://doi.org/10.18429/JACoW-IPAC2021-MOPAB365}
%}

%8.	A.M. Malyshev and others, Barrier station RF1 of the NICA collider. 
%Design features and influence on beam dynamics, RuPAC2021, Alushta, Russia, doi:10.18429/JACoW-RuPAC2021-WEPSC15
%@inproceedings{rf1m,
%  author       = {A.M. Malyshev and O.I. Brovko and A.A. Krasnov and Ya.G. Kruchkov and S.A. Krutikhin and G.Y. Kurkin and others},
%  title        = {Barrier Station RF1 of the NICA Collider. Design Features and Influence on Beam Dynamics},
%  booktitle    = {Proc. RuPAC'21},
%  pages        = {373--375},
%  eid          = {WEPSC15},
%  language     = {english},
%  keywords     = {collider, impedance, injection, simulation, space-charge},
%  venue        = {Alushta, Russia},
%  series       = {Russian Particle Accelerator Conference},
%  number       = {27},
%  publisher    = {JACoW Publishing, Geneva, Switzerland},
%  month        = {09},
%  year         = {2021},
%  issn         = {2673-5539},
%  isbn         = {978-3-95450-240-0},
%  doi          = {10.18429/JACoW-RuPAC2021-WEPSC15},
%  url          = {https://jacow.org/rupac2021/papers/wepsc15.pdf},
%  note         = {https://doi.org/10.18429/JACoW-RuPAC2021-WEPSC15},
%}

%9.	Mihaly Vadai, Beam Loss Reduction by Barrier Buckets in the CERN Accelerator Complex, CERN, Geneva, 2021
@thesis{bb,
      author        = "Vadai, Mihaly",
      title         = "{Beam Loss Reduction by Barrier Buckets in the CERN
                       Accelerator Complex}",
      year          = "2021",
      url           = "https://cds.cern.ch/record/2766175",
      note          = "Presented 10 Mar 2021",
}

%10.	 Laclare, J L (ESRF, Grenoble), Coasting beam longitudinal coherent instabilities, CAS - CERN Accelerator School: 5th Gene%ral Accelerator Physics Course, pp.349-384, DOI: 10.5170/CERN-1994-001.349
@article{Laclare,
      author        = "Laclare, J L",
      title         = "{Coasting beam longitudinal coherent instabilities}",
      year          = "1994",
      url           = "https://cds.cern.ch/record/398299",
      doi           = "10.5170/CERN-1994-001.349",
}

%11.	 J. Wei, S. Y.  Lee, Space Charge Effect at Transition Energy and the Transfer of R.F. System at Top Energy, BNL-41667
@inproceedings{weilee,
  title={Space charge effect at transition energy and the transfer of rf system at top energy},
  author={J. Wei and S. Y. Lee},
  year={1988},
  url={https://api.semanticscholar.org/CorpusID:115801271},
}

%12.	P. F. Derwent, Implementation of BLonD for Booster Simulations, Beams doc # 8690, 2020
@techreport{blond1,
  author      = "P. F. Derwent",
  title       = "Implementation of BLonD for Booster Simulations",
  institution = "Beams doc: 8690",
  year        = "2020",
}

%13.	 BLonD: https://blond.web.cern.ch/
@Book{blond,
title = {BLonD},
year = {2017},
url = {http://www.test.org/doe/},
}
