@article{Silenko:2014yxa,
      author         = "Silenko, A. J.",
      title          = "{Electric and magnetic polarizabilities of pointlike
                        spin-1/2 particles}",
      journal        = "Phys. Part. Nucl. Lett.",
      volume         = "11",
      year           = "2014",
      number         = "6",
      pages          = "720-721",
      doi            = "10.1134/S1547477114060120",
      eprint         = "1411.5911",
      archivePrefix  = "arXiv",
      primaryClass   = "hep-th",
      SLACcitation   = "%%CITATION = ARXIV:1411.5911;%%"
}

@book{Bogolyubov:1983gp,
      author         = "Bogolyubov, N. N. and Shirkov, D. V.",
      title          = "{Quantum Fields}",
      publisher      = "Benjamin-Cummings Pub. Co",
      year           = "1982",
      SLACcitation   = "%%CITATION = INSPIRE-190938;%%"
}

@Incollection{hanson-67,
  author =       "C. W. Hanson",
  title =        "Subject inquiries and literature searching",
  booktitle =    "Handbook of special librarianship and information
                 work",
  editor =       "W. Ashworth",
  year =         "1967",
  edition =      "3rd",
  pages =        "414--452",
}

@Inbook{wright-63,
  author =       "R. C. Wright",
  title =        "Report Literature",
  booktitle =    "Special Materials in the Library",
  editor =       "J. Burkett and T. S. Morgan",
  year =         "1963",
  pages =        "46--59",
}

@inproceedings{Anselmino:2008jk,
      author         = "Anselmino, M. and Boglione, M. and D'Alesio, U. and
                        Kotzinian, A. and Murgia, F. and Prokudin, A. and Melis,
                        S.",
      title          = "{Update on transversity and Collins functions from SIDIS
                        and e+ e- data}",
      booktitle      = "{Proceedings, Ringberg Workshop on New Trends in HERA
                        Physics 2008}",
      journal        = "Nucl. Phys. Proc. Suppl.",
      volume         = "191",
      year           = "2009",
      pages          = "98-107",
      doi            = "10.1016/j.nuclphysbps.2009.03.117",
      eprint         = "0812.4366",
      archivePrefix  = "arXiv",
      primaryClass   = "hep-ph",
      SLACcitation   = "%%CITATION = ARXIV:0812.4366;%%"
}

@article{Aad:2012tfa,
      author         = "Aad, Georges and others",
      title          = "{Observation of a new particle in the search for the
                        Standard Model Higgs boson with the ATLAS detector at the
                        LHC}",
      collaboration  = "ATLAS",
      journal        = "Phys. Lett.",
      volume         = "B716",
      year           = "2012",
      pages          = "1-29",
      doi            = "10.1016/j.physletb.2012.08.020",
      eprint         = "1207.7214",
      archivePrefix  = "arXiv",
      primaryClass   = "hep-ex",
      reportNumber   = "CERN-PH-EP-2012-218",
      SLACcitation   = "%%CITATION = ARXIV:1207.7214;%%"
}

@article{Beda:2009kx,
      author         = "Beda, A. G. and Demidova, E. V. and Starostin, A. S. and
                        Brudanin, V. B. and Egorov, V. G. and Medvedev, D. V. and
                        Shirchenko, M. V. and Vylov, Ts.",
      title          = "{GEMMA experiment: Three years of the search for the
                        neutrino magnetic moment}",
      journal        = "Phys. Part. Nucl. Lett.",
      collaboration  = "Gemma",
      volume         = "7",
      year           = "2010",
      pages          = "406-409",
      doi            = "10.1134/S1547477110060063",
      eprint         = "0906.1926",
      archivePrefix  = "arXiv",
      primaryClass   = "hep-ex",
      SLACcitation   = "%%CITATION = ARXIV:0906.1926;%%"


}
@article{Franceschini:2015kwy,
      author         = "Franceschini, Roberto and Giudice, Gian F. and Kamenik,
                        Jernej F. and McCullough, Matthew and Pomarol, Alex and
                        Rattazzi, Riccardo and Redi, Michele and Riva, Francesco
                        and Strumia, Alessandro and Torre, Riccardo",
      title          = "{What is the gamma gamma resonance at 750 GeV?}",
      year           = "2015",
      eprint         = "1512.04933",
      archivePrefix  = "arXiv",
      primaryClass   = "hep-ph",
      reportNumber   = "CERN-PH-TH-2015-302-AND-IFUP-TH-2015,
                        CERN-PH-TH-2015-302, IFUP-TH-2015",
      SLACcitation   = "%%CITATION = ARXIV:1512.04933;%%"
}
