@inproceedings{FS,
	title = {New Method of Measuring Electric Dipole Moments in Storage Rings},
	author = {F. J. M. Farley and K. Jungmann and J. P. Miller and W. M. Morse and Y. F. Orlov and B. L. Roberts and Y. K. Semertzidis and A. Silenko and E. J. Stephenson},
	publisher = {American Physical Society ({APS})},
	journal = {Physical Review Letters},
        year = 2004,
	month = {jul},
	volume = {93},
	number = {5},
        doi = {10.1103/physrevlett.93.052001},
	url = {10.1103/physrevlett.93.052001}
}

@inproceedings{QFS,
  author       = {Y. Senichev and A.E. Aksentyev and S.D. Kolokolchikov and V. Ladygin and A.A. Melnikov and N. Nikolaev and E. Syresin},
  title        = {{Quasi-Frozen Spin Concept of Magneto-Optical Structure of NICA Adapted to Study the Electric Dipole Moment of the Deuteron and to Search for the Axion}},
  booktitle    = {Proc. 13th International Particle Accelerator Conference (IPAC'22)},
  pages        = {492--495},
  eid          = {MOPOTK024},
  language     = {english},
  keywords     = {storage-ring, dipole, lattice, proton, insertion},
  venue        = {Bangkok, Thailand},
  series       = {International Particle Accelerator Conference},
  number       = {13},
  publisher    = {JACoW Publishing, Geneva, Switzerland},
  month        = {07},
  year         = {2022},
  issn         = {2673-5490},
  isbn         = {978-3-95450-227-1},
  doi          = {10.18429/JACoW-IPAC2022-MOPOTK024},
  url          = {https://jacow.org/ipac2022/papers/mopotk024.pdf},
}

@inproceedings{BYPASS,
    author = {S. Kolokolchikov and others},
    title = {ByPass optics design in NICA storage ring for experiment with polarized beams for EDM search},
    booktitle = {Proc. IPAC'23},
    pages = {113-116},
    paper = {MOPA072},
    venue = {Venezia},series = {IPAC'23 - 14th International Particle Accelerator Conference},number = {14},
    publisher = {JACoW Publishing, Geneva, Switzerland},
    month = {05},
    year = {2023},
    issn = {2673-5490},
    isbn = {978-3-95450-231-8},
    doi = {https://doi.org/10.18429/JACoW-14th International Particle Accelerator Conference-MOPA072},
    url = {https://indico.jacow.org/event/41/contributions/1321},
    language = {english}@inproceeding{ByPass,
    author = {S. Kolokolchikov and others},
    title = {ByPass optics design in NICA storage ring for experiment with polarized beams for EDM search},
    venue = {Venice, Italy},
    series = {International Particle Accelerator Conference},
    year = {2023}
}

@inproceedings{Decoherence,
    author = {Senichev, Yurij and Maier, Rudolf and Zyuzin, Denis and Kulabukhova, Natalia},
    collaboration = {JEDI},
    title = {Spin Tune Decoherence Effects in Electro- and Magnetostatic Structures},
    booktitle = {4th International Particle Accelerator Conference},
    reportNumber = {IPAC-2013-WEPEA036},
    pages = {2579--2581},
    year = {2013}
}

@inproceedings{Lengthening,
        Title = {Spin Chromaticity of Beam Orbit Lengthening and Betatron Chromaticity},
	Author = {Senichev, Y. and others},
	Doi = {10.1134/S1063778821100367},
	Isbn = {1562-692X},
	Journal = {Physics of Atomic Nuclei},
	Number = {12},
	Pages = {2014--2017},
	Url = {https://doi.org/10.1134/S1063778821100367},
	Volume = {84},
	Year = {2021}
}

@inproceedings{COSY,
  title = {How to Reach a Thousand-Second in-Plane Polarization Lifetime with $0.97\text{\ensuremath{-}}\mathrm{GeV}/c$ Deuterons in a Storage Ring},
  author = {Guidoboni, G. and others},
  collaboration = {JEDI Collaboration},
  journal = {Phys. Rev. Lett.},
  volume = {117},
  issue = {5},
  pages = {054801},
  numpages = {6},
  year = {2016},
  month = {Jul},
  publisher = {American Physical Society},
  doi = {10.1103/PhysRevLett.117.054801},
  url = {https://link.aps.org/doi/10.1103/PhysRevLett.117.054801}
}

@misc{OptiM,
 author    = {V. Lebedev},
 title     = {OptiM code},
 url = {$\url{www-bdnew.fnal.gov/pbar/organizationalchart/lebedev/OptiM/optim.htm}$}
}
@misc{COSYINF,
 title     = {COSY INFINITY},
 url = {$\url{www.bmtdynamics.org/}$}
}